@article {StVa.hamjac,
    AUTHOR = {Stokols, L. F. and Vasseur, A. F.},
     TITLE = {De {G}iorgi techniques applied to {H}amilton-{J}acobi equations with unbounded right-hand side},
   JOURNAL = {Commun. Math. Sci.},
  FJOURNAL = {Communications in Mathematical Sciences},
    VOLUME = {16},
      YEAR = {2018},
    NUMBER = {6},
     PAGES = {1465--1487},
      ISSN = {1539-6746},
   MRCLASS = {35K59 (35B65 35F21 35G20)},
  MRNUMBER = {3919601},
       DOI = {10.4310/CMS.2018.v16.n6.a1},
       URL = {https://doi-org.ezproxy.lib.utexas.edu/10.4310/CMS.2018.v16.n6.a1},
}

@article{StVa.higher,
    AUTHOR = {Stokols, L. F. and Vasseur, A. F.},
     TITLE = {Smooth Global Solutions for SQG on Bounded Domains},
   JOURNAL = {Work in Progress},
}

@article {CaSt,
    AUTHOR = {Caffarelli, L. A. and Stinga, P. R.},
     TITLE = {Fractional elliptic equations, {C}accioppoli estimates and regularity},
   JOURNAL = {Ann. Inst. H. Poincar\'{e} Anal. Non Lin\'{e}aire},
  FJOURNAL = {Annales de l'Institut Henri Poincar\'{e}. Analyse Non Lin\'{e}aire},
    VOLUME = {33},
      YEAR = {2016},
    NUMBER = {3},
     PAGES = {767--807},
      ISSN = {0294-1449},
   MRCLASS = {35R11 (35B45 35B65 46E35)},
  MRNUMBER = {3489634},
MRREVIEWER = {Mark Allen},
       DOI = {10.1016/j.anihpc.2015.01.004},
       URL = {https://doi-org.ezproxy.lib.utexas.edu/10.1016/j.anihpc.2015.01.004},
}

@article{IMTb,
       author = {{Iwabuchi}, T. and {Matsuyama}, T. and {Taniguchi}, K.},
        title = "{Bilinear estimates in Besov spaces generated by the Dirichlet Laplacian}",
      journal = {arXiv e-prints},
     keywords = {Mathematics - Functional Analysis, 30H25(Primary), 42B35(Secondary)},
         year = "2017",
        month = "May",
          eid = {arXiv:1705.08595},
        pages = {arXiv:1705.08595},
archivePrefix = {arXiv},
       eprint = {1705.08595},
 primaryClass = {math.FA},
       adsurl = {https://ui.adsabs.harvard.edu/abs/2017arXiv170508595I},
      adsnote = {Provided by the SAO/NASA Astrophysics Data System}
}

@article {IMTs,
    AUTHOR = {Iwabuchi, T. and Matsuyama, T. and Taniguchi, K.},
     TITLE = {Boundedness of spectral multipliers for {S}chr\"{o}dinger operators on open sets},
   JOURNAL = {Rev. Mat. Iberoam.},
  FJOURNAL = {Revista Matem\'{a}tica Iberoamericana},
    VOLUME = {34},
      YEAR = {2018},
    NUMBER = {3},
     PAGES = {1277--1322},
      ISSN = {0213-2230},
   MRCLASS = {47F05 (26D10 31B35 35J10)},
  MRNUMBER = {3850287},
MRREVIEWER = {Valeri S. Serov},
       DOI = {10.4171/RMI/1024},
       URL = {https://doi-org.ezproxy.lib.utexas.edu/10.4171/RMI/1024},
}

@article {FMP,
    AUTHOR = {Fornaro, S. and Metafune, G. and Priola, E.},
     TITLE = {Gradient estimates for {D}irichlet parabolic problems in unbounded domains},
   JOURNAL = {J. Differential Equations},
  FJOURNAL = {Journal of Differential Equations},
    VOLUME = {205},
      YEAR = {2004},
    NUMBER = {2},
     PAGES = {329--353},
      ISSN = {0022-0396},
   MRCLASS = {35K20 (35B45 35B65 35K65 47D06)},
  MRNUMBER = {2092861},
MRREVIEWER = {Siegfried Carl},
       DOI = {10.1016/j.jde.2004.06.019},
       URL = {https://doi-org.ezproxy.lib.utexas.edu/10.1016/j.jde.2004.06.019},
}

@book{GiTr,
    title = {Elliptic Partial Differential Equations of Second Order},
   author = {Gilbarg, D. and Trudinger, N.S.},
     isbn = {9783540411604},
     lccn = {00052272},
   series = {Classics in Mathematics},
      url = {https://books.google.com/books?id=eoiGTf4cmhwC},
     year = {2001},
publisher = {U.S. Government Printing Office}
}

@article {CoIg.fraclap,
    AUTHOR = {Constantin, P. and Ignatova, M.},
     TITLE = {Remarks on the fractional {L}aplacian with {D}irichlet boundary conditions and applications},
   JOURNAL = {Int. Math. Res. Not. IMRN},
  FJOURNAL = {International Mathematics Research Notices. IMRN},
      YEAR = {2017},
    NUMBER = {6},
     PAGES = {1653--1673},
      ISSN = {1073-7928},
   MRCLASS = {35R11 (35D30 35Q86)},
  MRNUMBER = {3658179},
MRREVIEWER = {Patrizia Pucci},
       DOI = {10.1093/imrn/rnw098},
       URL = {https://doi-org.ezproxy.lib.utexas.edu/10.1093/imrn/rnw098},
}

@article {CoIg.sqg,
    AUTHOR = {Constantin, P. and Ignatova, M.},
     TITLE = {Critical {SQG} in bounded domains},
   JOURNAL = {Ann. PDE},
  FJOURNAL = {Annals of PDE. Journal Dedicated to the Analysis of Problems from Physical Sciences},
    VOLUME = {2},
      YEAR = {2016},
    NUMBER = {2},
     PAGES = {Art. 8, 42},
      ISSN = {2199-2576},
   MRCLASS = {35Q35 (35B50 35B65 35Q86)},
  MRNUMBER = {3595454},
       DOI = {10.1007/s40818-016-0017-1},
       URL = {https://doi-org.ezproxy.lib.utexas.edu/10.1007/s40818-016-0017-1},
}

@article {CaVa.sqg,
    AUTHOR = {Caffarelli, L. A. and Vasseur, A. F.},
     TITLE = {Drift diffusion equations with fractional diffusion and the quasi-geostrophic equation},
   JOURNAL = {Ann. of Math. (2)},
  FJOURNAL = {Annals of Mathematics. Second Series},
    VOLUME = {171},
      YEAR = {2010},
    NUMBER = {3},
     PAGES = {1903--1930},
      ISSN = {0003-486X},
   MRCLASS = {35Q35 (35B45 35B65 35R11 76B03 86A10)},
  MRNUMBER = {2680400},
MRREVIEWER = {Denis Serre},
       DOI = {10.4007/annals.2010.171.1903},
       URL = {https://doi-org.ezproxy.lib.utexas.edu/10.4007/annals.2010.171.1903},
}

@article {NoVa.qg,
    AUTHOR = {Novack, M. D. and Vasseur, A. F.},
     TITLE = {Global in time classical solutions to the 3{D} quasi-geostrophic system for large initial data},
   JOURNAL = {Comm. Math. Phys.},
  FJOURNAL = {Communications in Mathematical Physics},
    VOLUME = {358},
      YEAR = {2018},
    NUMBER = {1},
     PAGES = {237--267},
      ISSN = {0010-3616},
   MRCLASS = {35Q86 (35A09)},
  MRNUMBER = {3772037},
MRREVIEWER = {Alessandro Maria Selvitella},
       DOI = {10.1007/s00220-017-3049-9},
       URL = {https://doi-org.ezproxy.lib.utexas.edu/10.1007/s00220-017-3049-9},
}

@article {CoVi,
    AUTHOR = {Constantin, P. and Vicol, V.},
     TITLE = {Nonlinear maximum principles for dissipative linear nonlocal operators and applications},
   JOURNAL = {Geom. Funct. Anal.},
  FJOURNAL = {Geometric and Functional Analysis},
    VOLUME = {22},
      YEAR = {2012},
    NUMBER = {5},
     PAGES = {1289--1321},
      ISSN = {1016-443X},
   MRCLASS = {35Q53 (35B50 35Q35 76B03)},
  MRNUMBER = {2989434},
MRREVIEWER = {Alessandro Arsie},
       DOI = {10.1007/s00039-012-0172-9},
       URL = {https://doi-org.ezproxy.lib.utexas.edu/10.1007/s00039-012-0172-9},
}

@article {CoTaVi,
    AUTHOR = {Constantin, P. and Tarfulea, A. and Vicol, V.},
     TITLE = {Long time dynamics of forced critical {SQG}},
   JOURNAL = {Comm. Math. Phys.},
  FJOURNAL = {Communications in Mathematical Physics},
    VOLUME = {335},
      YEAR = {2015},
    NUMBER = {1},
     PAGES = {93--141},
      ISSN = {0010-3616},
   MRCLASS = {35Q86 (35B41)},
  MRNUMBER = {3314501},
MRREVIEWER = {Elisabetta Rocca},
       DOI = {10.1007/s00220-014-2129-3},
       URL = {https://doi-org.ezproxy.lib.utexas.edu/10.1007/s00220-014-2129-3},
}

@book{Pe,
  title={Geophysical Fluid Dynamics},
  author={Pedlosky, J.},
  isbn={9780387963877},
  lccn={lc86013941},
  series={Springer study edition},
  url={https://books.google.com/books?id=FXs-uRSDBFYC},
  year={1992},
  publisher={Springer New York}
}

@article{GaHePiSw, 
    title={Surface quasi-geostrophic dynamics}, 
   volume={282}, DOI={10.1017/S0022112095000012}, 
  journal={Journal of Fluid Mechanics}, 
publisher={Cambridge University Press}, 
   author={Held, Isaac M. and Pierrehumbert, Raymond T. and Garner, Stephen T. and Swanson, Kyle L.}, 
     year={1995}, 
    pages={1â€“20}
}

@article{bk,
author = {F. Bass, Richard and Kassmann, Moritz},
year = {2005},
month = {02},
pages = {},
title = {Harnack inequalities for non-local operators of variable order},
volume = {357},
journal = {Transactions of the American Mathematical Society},
doi = {10.2307/3845248}
}

@article{h,
author = {H\"{o}rmander, Lars},
doi = {10.1007/BF02392081},
fjournal = {Acta Mathematica},
journal = {Acta Math.},
pages = {147--171},
publisher = {Institut Mittag-Leffler},
title = {Hypoelliptic second order differential equations},
url = {https://doi.org/10.1007/BF02392081},
volume = {119},
year = {1967}
}

@article{z,
author = {Zaslavsky, George M.},
year = {1994},
month = {09},
pages = {110-122},
title = {Fractional kinetic equation for Hamiltonian chaos},
volume = {76},
journal = {Physica D: Nonlinear Phenomena},	
doi = {10.1016/0167-2789(94)90254-2}
}

@article {g,
    AUTHOR = {Goychuk, Igor},
     TITLE = {Fractional {B}hatnagar-{G}ross-{K}rook kinetic equation},
   JOURNAL = {Eur. Phys. J. B},
  FJOURNAL = {The European Physical Journal B. Condensed Matter and Complex Systems},
    VOLUME = {90},
      YEAR = {2017},
    NUMBER = {11},
     PAGES = {Paper No. 208, 13},
      ISSN = {1434-6028},
   MRCLASS = {82C40},
  MRNUMBER = {3719567},
       DOI = {10.1140/epjb/e2017-80297-x},
       URL = {https://doi-org.ezproxy.lib.utexas.edu/10.1140/epjb/e2017-80297-x},
}

@article{hm,
  title={The fractional kinetic equation and thermonuclear functions},
  author={Haubold, Hans J. and Mathai, Arakaparampil M.},
  journal={Astrophysics and Space Science},
  volume={273},
  number={1-4},
  pages={53--63},
  year={2000},
  publisher={Springer}
}

@article{lk,
author = {Larsen,Edward W.  and Keller,Joseph B. },
title = {Asymptotic solution of neutron transport problems for small mean free paths},
journal = {Journal of Mathematical Physics},
volume = {15},
number = {1},
pages = {75-81},
year = {1974},
doi = {10.1063/1.1666510},
URL = {https://doi.org/10.1063/1.1666510},
eprint = {https://doi.org/10.1063/1.1666510}
}

@article{mr,
author = {Mendis, D. Asoka and Rosenberg, Marlene},
title = {Cosmic Dusty Plasma},
journal = {Annual Review of Astronomy and Astrophysics},
volume = {32},
number = {1},
pages = {419-463},
year = {1994},
doi = {10.1146/annurev.aa.32.090194.002223},
URL = {https://doi.org/10.1146/annurev.aa.32.090194.002223},
eprint = {https://doi.org/10.1146/annurev.aa.32.090194.002223}
}

@article {mellet,
    AUTHOR = {Mellet, Antoine},
     TITLE = {Fractional diffusion limit for collisional kinetic equations:
              a moments method},
   JOURNAL = {Indiana Univ. Math. J.},
  FJOURNAL = {Indiana University Mathematics Journal},
    VOLUME = {59},
      YEAR = {2010},
    NUMBER = {4},
     PAGES = {1333--1360},
      ISSN = {0022-2518},
   MRCLASS = {82C40 (35B25 35F10 35R11)},
  MRNUMBER = {2815035},
MRREVIEWER = {Stephen D. Pankavich},
       DOI = {10.1512/iumj.2010.59.4128},
       URL = {https://doi-org.ezproxy.lib.utexas.edu/10.1512/iumj.2010.59.4128},
}

@article {mmm,
    AUTHOR = {Mellet, Antoine and Mischler, St\'{e}phane and Mouhot, Cl\'{e}ment},
     TITLE = {Fractional diffusion limit for collisional kinetic equations},
   JOURNAL = {Arch. Ration. Mech. Anal.},
  FJOURNAL = {Archive for Rational Mechanics and Analysis},
    VOLUME = {199},
      YEAR = {2011},
    NUMBER = {2},
     PAGES = {493--525},
      ISSN = {0003-9527},
   MRCLASS = {82C40 (35Q20 74A25 76P05 76R50)},
  MRNUMBER = {2763032},
MRREVIEWER = {Stephen Wollman},
       DOI = {10.1007/s00205-010-0354-2},
       URL = {https://doi-org.ezproxy.lib.utexas.edu/10.1007/s00205-010-0354-2},
}

@ARTICLE{hs,
       author = {{Henderson}, Christopher and {Snelson}, Stanley},
        title = "{$C^\infty$ smoothing for weak solutions of the inhomogeneous Landau equation}",
      journal = {arXiv e-prints},
     keywords = {Mathematics - Analysis of PDEs},
         year = 2017,
        month = Jul,
          eid = {arXiv:1707.05710},
        pages = {arXiv:1707.05710},
archivePrefix = {arXiv},
       eprint = {1707.05710},
 primaryClass = {math.AP},
       adsurl = {https://ui.adsabs.harvard.edu/\#abs/2017arXiv170705710H},
      adsnote = {Provided by the SAO/NASA Astrophysics Data System}
}


@ARTICLE{is,
       author = {{Imbert}, Cyril and {Silvestre}, Luis},
        title = "{The weak Harnack inequality for the Boltzmann equation without cut-off}",
      journal = {arXiv e-prints},
     keywords = {Mathematics - Analysis of PDEs, 45K05, 35R09, 82C40, 35K99, 35Q20},
         year = 2016,
        month = Aug,
          eid = {arXiv:1608.07571},
        pages = {arXiv:1608.07571},
archivePrefix = {arXiv},
       eprint = {1608.07571},
 primaryClass = {math.AP},
       adsurl = {https://ui.adsabs.harvard.edu/\#abs/2016arXiv160807571I},
      adsnote = {Provided by the SAO/NASA Astrophysics Data System}
}


@ARTICLE{hst,
       author = {{Henderson}, Christopher and {Snelson}, Stanley and {Tarfulea}, Andrei},
        title = "{Local existence, lower mass bounds, and a new continuation criterion for
        the Landau equation}",
      journal = {arXiv e-prints},
     keywords = {Mathematics - Analysis of PDEs},
         year = 2017,
        month = Dec,
          eid = {arXiv:1712.07111},
        pages = {arXiv:1712.07111},
archivePrefix = {arXiv},
       eprint = {1712.07111},
 primaryClass = {math.AP},
       adsurl = {https://ui.adsabs.harvard.edu/\#abs/2017arXiv171207111H},
      adsnote = {Provided by the SAO/NASA Astrophysics Data System}
}

@incollection {Va.dg,
    AUTHOR = {Vasseur, A. F.},
     TITLE = {The {D}e {G}iorgi method for elliptic and parabolic equations
              and some applications},
 BOOKTITLE = {Lectures on the analysis of nonlinear partial differential
              equations. {P}art 4},
    SERIES = {Morningside Lect. Math.},
    VOLUME = {4},
     PAGES = {195--222},
 PUBLISHER = {Int. Press, Somerville, MA},
      YEAR = {2016},
   MRCLASS = {35B65 (35J15 35K10)},
  MRNUMBER = {3525875},
MRREVIEWER = {Sergio Polidoro},
}

@article {bezard,
    AUTHOR = {B\'{e}zard, Max},
     TITLE = {R\'{e}gularit\'{e} {$L^p$} pr\'{e}cis\'{e}e des moyennes dans les \'{e}quations de
              transport},
   JOURNAL = {Bull. Soc. Math. France},
  FJOURNAL = {Bulletin de la Soci\'{e}t\'{e} Math\'{e}matique de France},
    VOLUME = {122},
      YEAR = {1994},
    NUMBER = {1},
     PAGES = {29--76},
      ISSN = {0037-9484},
   MRCLASS = {82C70 (35Q99 46E99 46N55)},
  MRNUMBER = {1259108},
MRREVIEWER = {Reinhard Illner},
       URL = {http://www.numdam.org/item?id=BSMF_1994__122_1_29_0},
}

@article {bouchut,
    AUTHOR = {Bouchut, Fran\c{c}ois},
     TITLE = {Hypoelliptic regularity in kinetic equations},
   JOURNAL = {J. Math. Pures Appl. (9)},
  FJOURNAL = {Journal de Math\'{e}matiques Pures et Appliqu\'{e}es. Neuvi\`eme S\'{e}rie},
    VOLUME = {81},
      YEAR = {2002},
    NUMBER = {11},
     PAGES = {1135--1159},
      ISSN = {0021-7824},
   MRCLASS = {82C40 (35B65 35H10)},
  MRNUMBER = {1949176},
MRREVIEWER = {Florent Berthelin},
       DOI = {10.1016/S0021-7824(02)01264-3},
       URL = {https://doi.org/10.1016/S0021-7824(02)01264-3},
}

@article {dlm,
    AUTHOR = {DiPerna, Ronald J. and Lions, Pierre-Louis and Meyer, Yves},
     TITLE = {{$L^p$} regularity of velocity averages},
   JOURNAL = {Ann. Inst. H. Poincar\'{e} Anal. Non Lin\'{e}aire},
  FJOURNAL = {Annales de l'Institut Henri Poincar\'{e}. Analyse Non Lin\'{e}aire},
    VOLUME = {8},
      YEAR = {1991},
    NUMBER = {3-4},
     PAGES = {271--287},
      ISSN = {0294-1449},
   MRCLASS = {35B65 (35Q99 82C70)},
  MRNUMBER = {1127927},
MRREVIEWER = {Benoit Perthame},
       DOI = {10.1016/S0294-1449(16)30264-5},
       URL = {https://doi-org.ezproxy.lib.utexas.edu/10.1016/S0294-1449(16)30264-5},
}

@article {dp,
    AUTHOR = {DeVore, Ronald and Petrova, Guergana},
     TITLE = {The averaging lemma},
   JOURNAL = {J. Amer. Math. Soc.},
  FJOURNAL = {Journal of the American Mathematical Society},
    VOLUME = {14},
      YEAR = {2001},
    NUMBER = {2},
     PAGES = {279--296},
      ISSN = {0894-0347},
   MRCLASS = {35L60 (35B65 35L65 46E35 46N20)},
  MRNUMBER = {1815213},
MRREVIEWER = {Reinhard Racke},
       DOI = {10.1090/S0894-0347-00-00359-3},
       URL = {https://doi-org.ezproxy.lib.utexas.edu/10.1090/S0894-0347-00-00359-3},
}

@ARTICLE{gimv,
       author = {{Golse}, Fran\c{c}ois and {Imbert}, Cyril and {Mouhot}, Cl{\'e}ment and {Vasseur},
        Alexis},
        title = "{Harnack inequality for kinetic Fokker-Planck equations with rough
        coefficients and application to the Landau equation}",
      journal = {To appear in Annali della Scuola Normale Superiore di Pisa, Classe di Scienze},
     keywords = {Mathematics - Analysis of PDEs},
         year = 2016,
        month = Jul,
          eid = {arXiv:1607.08068},
        pages = {arXiv:1607.08068},
archivePrefix = {arXiv},
       eprint = {1607.08068},
 primaryClass = {math.AP},
       adsurl = {https://ui.adsabs.harvard.edu/\#abs/2016arXiv160708068G},
      adsnote = {Provided by the SAO/NASA Astrophysics Data System}
}

@ARTICLE{im,
       author = {{Imbert}, Cyril and {Mouhot}, Cl{\'e}ment},
        title = "{A toy nonlinear model in kinetic theory}",
      journal = {arXiv e-prints},
     keywords = {Mathematics - Analysis of PDEs},
         year = 2018,
        month = Jan,
          eid = {arXiv:1801.07891},
        pages = {arXiv:1801.07891},
archivePrefix = {arXiv},
       eprint = {1801.07891},
 primaryClass = {math.AP},
       adsurl = {https://ui.adsabs.harvard.edu/\#abs/2018arXiv180107891I},
      adsnote = {Provided by the SAO/NASA Astrophysics Data System}
}

@article {l,
    AUTHOR = {Li, Wei-Xi},
     TITLE = {Global hypoelliptic estimates for fractional order kinetic
              equation},
   JOURNAL = {Math. Nachr.},
  FJOURNAL = {Mathematische Nachrichten},
    VOLUME = {287},
      YEAR = {2014},
    NUMBER = {5-6},
     PAGES = {610--637},
      ISSN = {0025-584X},
   MRCLASS = {35H10 (35Q20 35R11 82C40)},
  MRNUMBER = {3193940},
       DOI = {10.1002/mana.201200002},
       URL = {https://doi-org.ezproxy.lib.utexas.edu/10.1002/mana.201200002},
}

@ARTICLE{m,
       author = {{Mouhot}, Cl{\'e}ment},
        title = "{De Giorgi-Nash-Moser and H\"{o}rmander theories: new
        interplay}",
      journal = {arXiv e-prints},
     keywords = {Mathematics - Analysis of PDEs},
         year = 2018,
        month = Aug,
          eid = {arXiv:1808.00194},
        pages = {arXiv:1808.00194},
archivePrefix = {arXiv},
       eprint = {1808.00194},
 primaryClass = {math.AP},
       adsurl = {https://ui.adsabs.harvard.edu/\#abs/2018arXiv180800194M},
      adsnote = {Provided by the SAO/NASA Astrophysics Data System}
}

@book{s,
    AUTHOR = {Stein, Elias M.},
     TITLE = {Singular integrals and differentiability properties of functions},
    SERIES = {Princeton Mathematical Series, No. 30},
 PUBLISHER = {Princeton University Press, Princeton, N.J.},
      YEAR = {1970},
     PAGES = {xiv+290},
   MRCLASS = {46.38 (26.00)},
  MRNUMBER = {0290095},
MRREVIEWER = {R. E. Edwards},
}

@incollection{CaSi,
    AUTHOR = {Caffarelli, Luis A. and Sire, Yannick},
     TITLE = {On some pointwise inequalities involving nonlocal operators},
 BOOKTITLE = {Harmonic analysis, partial differential equations and
              applications},
    SERIES = {Appl. Numer. Harmon. Anal.},
     PAGES = {1--18},
 PUBLISHER = {Birkh\"{a}user/Springer, Cham},
      YEAR = {2017},
   MRCLASS = {35A23 (35A30 35R01 35R11)},
  MRNUMBER = {3642734},
}

@article {amuxy,
    AUTHOR = {Alexandre, Radjesvarane and Morimoto, Yoshinori and Ukai,
              Seiji and Xu, Chao-Jiang and Yang, Tong},
     TITLE = {Regularizing effect and local existence for the non-cutoff
              {B}oltzmann equation},
   JOURNAL = {Arch. Ration. Mech. Anal.},
  FJOURNAL = {Archive for Rational Mechanics and Analysis},
    VOLUME = {198},
      YEAR = {2010},
    NUMBER = {1},
     PAGES = {39--123},
      ISSN = {0003-9527},
   MRCLASS = {82C40 (35Q20 76P05)},
  MRNUMBER = {2679369},
MRREVIEWER = {Silvia Lorenzani},
       DOI = {10.1007/s00205-010-0290-1},
       URL = {https://doi.org/10.1007/s00205-010-0290-1},
}

@article {lmp,
    AUTHOR = {Lerner, Nicolas and Morimoto, Yoshinori and Pravda-Starov,
              Karel},
     TITLE = {Hypoelliptic estimates for a linear model of the {B}oltzmann
              equation without angular cutoff},
   JOURNAL = {Comm. Partial Differential Equations},
  FJOURNAL = {Communications in Partial Differential Equations},
    VOLUME = {37},
      YEAR = {2012},
    NUMBER = {2},
     PAGES = {234--284},
      ISSN = {0360-5302},
   MRCLASS = {35H10 (35B65 35Q20 35R11 82C40)},
  MRNUMBER = {2876831},
MRREVIEWER = {Sergio Polidoro},
       DOI = {10.1080/03605302.2011.625462},
       URL = {https://doi.org/10.1080/03605302.2011.625462},
}



@article {glps,
    AUTHOR = {Golse, Fran\c{c}ois and Lions, Pierre-Louis and Perthame, Beno\^{i}t
              and Sentis, R\'{e}mi},
     TITLE = {Regularity of the moments of the solution of a transport
              equation},
   JOURNAL = {J. Funct. Anal.},
  FJOURNAL = {Journal of Functional Analysis},
    VOLUME = {76},
      YEAR = {1988},
    NUMBER = {1},
     PAGES = {110--125},
      ISSN = {0022-1236},
   MRCLASS = {35Q20 (35B99)},
  MRNUMBER = {923047},
       DOI = {10.1016/0022-1236(88)90051-1},
       URL = {https://doi.org/10.1016/0022-1236(88)90051-1},
}


@article{CaChVa.nio,
 author = {Caffarelli, Luis and Chan, Chi-Hin and Vasseur, Alexis},
  title = {Regularity theory for parabolic nonlinear integral operators},
journal = {J. Amer. Math. Soc.},
 volume = {24},
   year = {2011},
 number = {3},
  pages = {849--869},
   issn = {0894-0347},
 review = {\MR{2784330}},
    doi = {10.1090/S0894-0347-2011-00698-X},
}

@article {DG,
    AUTHOR = {De Giorgi, Ennio},
     TITLE = {Sulla differenziabilit\`a e l'analiticit\`a delle estremali degli integrali multipli regolari},
   JOURNAL = {Mem. Accad. Sci. Torino. Cl. Sci. Fis. Mat. Nat. (3)},
    VOLUME = {3},
      YEAR = {1957},
     PAGES = {25--43},
   MRCLASS = {35.00 (49.00)},
  MRNUMBER = {0093649},
MRREVIEWER = {C. B. Morrey, Jr.},
}
